<?xml version="1.0" encoding="UTF-8"?><record xmlns="http://www.loc.gov/MARC21/slim" xmlns:cinclude="http://apache.org/cocoon/include/1.0" xmlns:zs="http://www.loc.gov/zing/srw/">
  <leader>00376cz  a2200133n  4500</leader>
  <controlfield tag="001">n  98921827 </controlfield>
  <controlfield tag="003">DLC</controlfield>
  <controlfield tag="005">20050405052622.0</controlfield>
  <controlfield tag="008">980331n| acannaabn          |n aaa      </controlfield>
  <datafield tag="010" ind1=" " ind2=" ">
    <subfield code="a">n  98921827 </subfield>
  </datafield>
  <datafield tag="035" ind1=" " ind2=" ">
    <subfield code="a">(OCoLC)oca04758187</subfield>
  </datafield>
  <datafield tag="040" ind1=" " ind2=" ">
    <subfield code="a">DLC</subfield>
    <subfield code="c">DLC</subfield>
    <subfield code="d">CU</subfield>
  </datafield>
  <datafield tag="100" ind1="1" ind2=" ">
    <subfield code="a">Rajagopalachari, C.</subfield>
    <subfield code="q">(Chakravarti),</subfield>
    <subfield code="d">1878-1972.</subfield>
    <subfield code="t">ViyaĚcar viruntu.</subfield>
    <subfield code="l">Kannada</subfield>
  </datafield>
  <datafield tag="670" ind1=" " ind2=" ">
    <subfield code="a">ViyaĚcar viruntu, 1951.</subfield>
  </datafield>
</record>